<?xml version="1.0" encoding="UTF-8"?><collection xmlns="http://www.loc.gov/MARC21/slim"><record><leader>00392nam--2200145-i-4500</leader><controlfield tag="001">000009930</controlfield><controlfield tag="002">20161230</controlfield><controlfield tag="005">20161230201028</controlfield><controlfield tag="008">060222s1000------------r-----000-0-eng-d</controlfield><datafield ind1=" " ind2=" " tag="080"><subfield code="a">621.391</subfield></datafield><datafield ind1=" " ind2=" " tag="100"><subfield code="a">Bensoussan, Alain</subfield></datafield><datafield ind1=" " ind2=" " tag="245"><subfield code="a">Filtrage optimal des systemes lineaires</subfield></datafield><datafield ind1=" " ind2=" " tag="260"><subfield code="a">Paris, Dunod, 1971. Xviii + 338 P</subfield></datafield><datafield ind1=" " ind2=" " tag="490"><subfield code="a">Methodes Mathematiques De L Informatique</subfield></datafield><datafield ind1=" " ind2=" " tag="852"><subfield code="a">35842</subfield></datafield></record></collection>